@book{https://blog.visual-paradigm.com/fr/the-four-types-of-relationship-in-use-case-diagram/,
  title={the four types of relationship in use case diagram},
}

@book{https://firebase.google.com/,
  title={firebase},
}

@book {https://coolors.co/,
  title={coolors, colors palette generator}
}

@book{https://vuefire.vuejs.org/,title={vuefire, Vue-Firebase int√©gration}}
